
@inproceedings{cailloux_eliciting_2014,
	series = {Frontiers in {Artificial} {Intelligence} and {Applications}},
	title = {Eliciting a {Suitable} {Voting} {Rule} via {Examples}},
	volume = {263},
	isbn = {978-1-61499-419-0},
	doi = {10.3233/978-1-61499-419-0-183},
	booktitle = {Proceedings of the 21st {European} {Conference} on {Artificial} {Intelligence} ({ECAI} 2014)},
	publisher = {IOS Press},
	author = {Cailloux, Olivier and Endriss, Ulle},
	editor = {Schaub, Torsten and Friedrich, Gerhard and O'Sullivan, Barry},
	year = {2014},
	keywords = {Elicitation},
	pages = {183--188}
}

@book{fishburn_utility_1970,
	title = {Utility {Theory} for {Decision} {Making}},
	isbn = {978-0-471-26060-8},
	publisher = {Wiley, New York},
	author = {Fishburn, P. C.},
	year = {1970}
}